%! Author = yiqia
%! Date = 2/25/2023

